<record><leader>00000cas a2200000 a 4500</leader><controlfield tag="001">19230510</controlfield><controlfield tag="008">890217d19301996tnudn ne      0    0eng d</controlfield><datafield ind1=" " ind2=" " tag="010"><subfield code="a">sn 89058322 </subfield></datafield><datafield ind1=" " ind2=" " tag="040"><subfield code="a">KNP</subfield><subfield code="b">eng</subfield><subfield code="c">KNP</subfield><subfield code="d">TGN</subfield><subfield code="d">OCL</subfield><subfield code="d">OCLCQ</subfield><subfield code="d">OCLCF</subfield><subfield code="d">OCLCO</subfield></datafield><datafield ind1=" " ind2=" " tag="042"><subfield code="a">msc</subfield></datafield><datafield ind1=" " ind2=" " tag="043"><subfield code="a">n-us-tn</subfield></datafield><datafield ind1="0" ind2="4" tag="245"><subfield code="a">The Union City daily messenger.</subfield></datafield><datafield ind1="1" ind2=" " tag="246"><subfield code="i">Issues between Feb. 17, 1965- Oct. 6, 1986 often have title:</subfield><subfield code="a">Daily messenger</subfield></datafield><datafield ind1="1" ind2=" " tag="246"><subfield code="i">Issue for Apr. 11, 1975 has title:</subfield><subfield code="a">Messenger</subfield></datafield><datafield ind1="1" ind2="7" tag="246"><subfield code="a">Union City messenger</subfield></datafield><datafield ind1=" " ind2=" " tag="260"><subfield code="a">Union City, Tenn. :</subfield><subfield code="b">C.B. Dement,</subfield><subfield code="c">1930-1996.</subfield></datafield><datafield ind1=" " ind2=" " tag="300"><subfield code="a">v. :</subfield><subfield code="b">ill.</subfield></datafield><datafield ind1=" " ind2=" " tag="310"><subfield code="a">Daily (except Sat. &amp; Sun.),</subfield><subfield code="b">Jan. 31, 1983-Nov. 19, 1996</subfield></datafield><datafield ind1=" " ind2=" " tag="321"><subfield code="a">Daily (except Sun.),</subfield><subfield code="b">Apr. 8, 1930-Jan. 29, 1983</subfield></datafield><datafield ind1="0" ind2=" " tag="362"><subfield code="a">Vol. 5, no. 182 (Apr. 8, 1930)-v. 71, no. 229 (Nov. 19, 1996).</subfield></datafield><datafield ind1=" " ind2="0" tag="651"><subfield code="a">Union City (Tenn.)</subfield><subfield code="v">Newspapers.</subfield></datafield><datafield ind1=" " ind2="0" tag="651"><subfield code="a">Obion County (Tenn.)</subfield><subfield code="v">Newspapers.</subfield></datafield><datafield ind1=" " ind2="7" tag="655"><subfield code="a">Newspapers.</subfield><subfield code="2">fast</subfield><subfield code="0">(OCoLC)fst01423814</subfield></datafield><datafield ind1=" " ind2="7" tag="651"><subfield code="a">Tennessee</subfield><subfield code="z">Obion County.</subfield><subfield code="2">fast</subfield><subfield code="0">(OCoLC)fst01226005</subfield></datafield><datafield ind1=" " ind2="7" tag="651"><subfield code="a">Tennessee</subfield><subfield code="z">Union City.</subfield><subfield code="2">fast</subfield><subfield code="0">(OCoLC)fst01226846</subfield></datafield><datafield ind1=" " ind2=" " tag="752"><subfield code="a">United States</subfield><subfield code="b">Tennessee</subfield><subfield code="c">Obion</subfield><subfield code="d">Union City.</subfield></datafield><datafield ind1="0" ind2="0" tag="780"><subfield code="t">Union City messenger</subfield><subfield code="w">(DLC)sn 99065827</subfield></datafield><datafield ind1="0" ind2="0" tag="785"><subfield code="t">Messenger (Union City, Tenn.)</subfield><subfield code="w">(DLC)sn 83002053</subfield></datafield></record>